
@article{CONEJO2013324,
  author       = {Conejo, P. D. and Karas, E. W. and Pedroso, L. G. and Ribeiro, A. A. and Sachine, M.},
  year         = {2013},
  location     = {New York, NY, USA},
  publisher    = {Elsevier Science Inc.},
  url          = {http://dx.doi.org/10.1016/j.amc.2013.06.041},
  date         = {2013-09},
  doi          = {10.1016/j.amc.2013.06.041},
  issn         = {0096-3003},
  journaltitle = {Appl. Math. Comput.},
  keywords     = {Convex constrained optimization,Derivative-free optimization,Trust region},
  pages        = {324--330},
    title        = {Global Convergence of Trust-region Algorithms for Convex Constrained Minimization Without Derivatives},
  volume       = {220},
}
